<record><leader>00000cas a22000007a 4500</leader><controlfield tag="001">12411798</controlfield><controlfield tag="008">850822d1873187unyu x ne      0    0eng d</controlfield><datafield ind1=" " ind2=" " tag="010"><subfield code="a">sn 85026715 </subfield></datafield><datafield ind1=" " ind2=" " tag="040"><subfield code="a">NPX</subfield><subfield code="b">eng</subfield><subfield code="c">NPX</subfield><subfield code="d">OCLCG</subfield><subfield code="d">OCLCQ</subfield><subfield code="d">OCLCA</subfield><subfield code="d">OCLCF</subfield><subfield code="d">OCLCA</subfield></datafield><datafield ind1="1" ind2=" " tag="029"><subfield code="a">AU@</subfield><subfield code="b">000025830069</subfield></datafield><datafield ind1=" " ind2=" " tag="042"><subfield code="a">msc</subfield></datafield><datafield ind1="0" ind2=" " tag="130"><subfield code="a">Thunderbolt (New York, N.Y.)</subfield></datafield><datafield ind1="1" ind2="4" tag="245"><subfield code="a">The thunderbolt.</subfield></datafield><datafield ind1=" " ind2=" " tag="260"><subfield code="a">New York [N.Y. :</subfield><subfield code="b">s.n.],</subfield><subfield code="c">1873-</subfield></datafield><datafield ind1=" " ind2=" " tag="300"><subfield code="a">v.</subfield></datafield><datafield ind1=" " ind2=" " tag="310"><subfield code="a">Irregular</subfield></datafield><datafield ind1="0" ind2=" " tag="362"><subfield code="a">No. 1 (May 1873)-</subfield></datafield><datafield ind1=" " ind2=" " tag="500"><subfield code="a">Editor: Edward H.G. Clark, &lt;1873&gt;.</subfield></datafield><datafield ind1=" " ind2=" " tag="500"><subfield code="a">Published simultaneously at Albany and at Troy, N.Y.</subfield></datafield><datafield ind1=" " ind2=" " tag="500"><subfield code="a">Devoted exclusively to the Beecher-Tilton scandal.</subfield></datafield><datafield ind1="1" ind2="0" tag="600"><subfield code="a">Beecher, Henry Ward,</subfield><subfield code="d">1813-1887.</subfield></datafield><datafield ind1="1" ind2="0" tag="600"><subfield code="a">Tilton, Theodore,</subfield><subfield code="d">1835-1907.</subfield></datafield><datafield ind1="1" ind2="0" tag="600"><subfield code="a">Tilton, Elizabeth M. Richards,</subfield><subfield code="d">1834-</subfield></datafield><datafield ind1="1" ind2="0" tag="600"><subfield code="a">Woodhull, Victoria C.</subfield><subfield code="q">(Victoria Claflin),</subfield><subfield code="d">1838-1927.</subfield></datafield><datafield ind1="1" ind2="7" tag="600"><subfield code="a">Beecher, Henry Ward,</subfield><subfield code="d">1813-1887.</subfield><subfield code="2">fast</subfield><subfield code="0">(OCoLC)fst00002202</subfield></datafield><datafield ind1="1" ind2="7" tag="600"><subfield code="a">Tilton, Elizabeth M. Richards,</subfield><subfield code="d">1834-</subfield><subfield code="2">fast</subfield><subfield code="0">(OCoLC)fst01851202</subfield></datafield><datafield ind1="1" ind2="7" tag="600"><subfield code="a">Tilton, Theodore,</subfield><subfield code="d">1835-1907.</subfield><subfield code="2">fast</subfield><subfield code="0">(OCoLC)fst00079478</subfield></datafield><datafield ind1="1" ind2="7" tag="600"><subfield code="a">Woodhull, Victoria C.</subfield><subfield code="q">(Victoria Claflin),</subfield><subfield code="d">1838-1927.</subfield><subfield code="2">fast</subfield><subfield code="0">(OCoLC)fst00059863</subfield></datafield><datafield ind1=" " ind2=" " tag="752"><subfield code="a">United States</subfield><subfield code="b">New York</subfield><subfield code="c">New York</subfield><subfield code="d">New York.</subfield></datafield><datafield ind1=" " ind2=" " tag="752"><subfield code="a">United States</subfield><subfield code="b">New York</subfield><subfield code="c">Albany</subfield><subfield code="d">Albany.</subfield></datafield><datafield ind1=" " ind2=" " tag="752"><subfield code="a">United States</subfield><subfield code="b">New York</subfield><subfield code="c">Rensselaer</subfield><subfield code="d">Troy.</subfield></datafield></record>